@misc{1,
  Author={10gen},
  Howpublished={\url{http://www.mongodb.org/display/DOCS/Indexing+as+a+Background+Operation}},
  Title={MongoDB Wiki: Indexing As A Background Operation}
}

@misc{2,
  Author={10gen},
  Howpublished={\url{http://groups.google.com/group/mongodb-dev/browse_thread/thread/535e6968ac32b249/78c00fff6dd5f12a}},
  Title={MongoDB Mailing List Topic: Improve read/write-concurrency}
}

@misc{3,
  Author={10gen},
  Howpublished={\url{http://www.mongodb.org/display/DOCS/Sharding+Introduction}},
  Title={MongoDB Wiki: Sharding Introduction}
}
@misc{4,
  Author={10gen},
  Howpublished={\url{http://github.org/mongodb/mongo}},
  Title={MongoDB's Git Hub Page}
}

@misc{5,
  Author={Flickr},
  Howpublished={\url{http://code.flickr.com/blog/2008/10/30/the-shape-of-alpha/}},
  Title={Flickr: The Shape of Alpha }
}

@misc{6,
  Author={Wikipedia},
  Howpublished={\url{http://en.wikipedia.org/wiki/File:RecursiveEvenPolygon.svg}},
  Title={ Wikpedia: File:RecursiveEvenPolygon.svg }
}
