@misc{1,
  Author={10gen},
  Howpublished={\url{www.mongodb.org/display/DOCS/BSON}},
  Title={BSON (Binary encoded Javascript Serialized Object Notation) Wiki}
}

@misc{2,
  Author={10gen},
  Howpublished={\url{bsonspec.org/#/specification}},
  Title={BSON Specification}
}

@misc{3,
  Author={10gen},
  Howpublished={\url{www.mongodb.org/display/DOCS/Introduction}},
  Title={MongoDB Introduction Wiki}
}

@misc{4,
  Author={10gen},
  Howpublished={\url{www.mongodb.org/display/DOCS/Collections}},
  Title={MongoDB Collections Wiki}
}

@misc{5,
  Author={10gen},
  Howpublished={\url{api.mongodb.org/cplusplus/current/classmongo_1_1_b_s_o_n_obj.html}},
  Title={MongoDB C++ API Spec}
}

@misc{6,
  Author={10gen},
  Howpublished={\url{www.mongodb.org/display/DOCS/Indexes}},
  Title={MongoDB Indexes Wiki}
}
#
@misc{7,
  Author={10gen},
  Howpublished={\url{www.mongodb.org/display/DOCS/Indexing+as+a+Background+Operation}},
  Title={MongoDB Indexes As A Background Operation}}
}

@misc{8,
  Author={10gen},
 Howpublished={\url{jira.mongodb.org/browse/SERVER-676}},
  Title={MongoDB JIRA Issue SERVER-676 }
}



@misc{9,
 Author={10gen},
 Howpublished={\url{jira.mongodb.org/browse/SERVER-691}},
 Title={MongoDB JIRA Issue SERVER-691 }
}


@misc{10,
 Author={W3},
 Howpublished={ \\ \url{ www.w3.org/TR/xpath/ }},
 Title={ XPath Specification }
}

@misc{11,
 Author={10gen},
 Howpublished={\url{www.mongodb.org/display/DOCS/Querying}},
 Title={ MongoDB Querying Wiki }
}

@misc{12,
 Author={10gen},
 Howpublished={\url{www.mongodb.org/display/DOCS/Advanced+Queries}},
 Title={ MongoDB Advanced Querying Wiki }
}

@misc{13,
 Author={10gen},
 Howpublished={\url{www.mongodb.org/display/DOCS/Query+Optimizer}},
 Title={ MongoDB Query Optimizer Wiki }
}

@misc{14,
  Author={10gen},
  Howpublished={\url{www.mongodb.org/display/DOCS/Inserting}},
  Title={MongoDB Insertion Wiki}
}

@misc{15,
 Author={10gen},
 Howpublished={\url{jira.mongodb.org/browse/SERVER-736}},
 Title={MongoDB JIRA Issue SERVER-736 }
}

@misc{16,
 Author={10gen},
 Howpublished={\url{www.mongodb.org/display/DOCS/Caching}},
 Title={MongoDB Caching }
}

@misc{17,
 Author={10gen},
 Howpublished={\url{www.mongodb.org/display/DOCS/Indexing+as+a+Background+Operation}},
 Title={MongoDB Indexing as a Background Operation}
}

@misc{18,
  Author={10gen},
  Howpublished={\url{jira.mongodb.org/browse/SERVER-772}},
  Title={MongoDB JIRA Issue SERVER-772 }
}

@misc{19,
  Author={10gen},
  Howpublished={\url{jira.mongodb.org/browse/SERVER-1698}},
  Title={MongoDB JIRA Issue SERVER-1698 }
}
